<collection xmlns="http://www.loc.gov/MARC21/slim">
<record>
  <leader>03255nam2a2200529 i 450 </leader>
  <controlfield tag="001">RU\TPU\book\230759</controlfield>
  <controlfield tag="005">20121207112204.0</controlfield>
  <datafield tag="011" ind1=" " ind2=" ">
    <subfield code="a">1684-8519</subfield>
  </datafield>
  <datafield tag="035" ind1=" " ind2=" ">
    <subfield code="a">RU\TPU\book\219480</subfield>
  </datafield>
  <datafield tag="035" ind1=" " ind2=" ">
    <subfield code="a">RU\TPU\book\190906</subfield>
  </datafield>
  <datafield tag="035" ind1=" " ind2=" ">
    <subfield code="a">RU\TPU\book\203786</subfield>
  </datafield>
  <datafield tag="100" ind1=" " ind2=" ">
    <subfield code="a">20120312d2012    k  y0rusy01020304ca</subfield>
  </datafield>
  <datafield tag="101" ind1="0" ind2=" ">
    <subfield code="a">rus</subfield>
  </datafield>
  <datafield tag="102" ind1=" " ind2=" ">
    <subfield code="a">RU</subfield>
  </datafield>
  <datafield tag="105" ind1=" " ind2=" ">
    <subfield code="a">a   z   001zd</subfield>
  </datafield>
  <datafield tag="200" ind1="0" ind2=" ">
    <subfield code="a">Т. 320, № 1 : Науки о Земле</subfield>
  </datafield>
  <datafield tag="210" ind1=" " ind2=" ">
    <subfield code="d">2012</subfield>
  </datafield>
  <datafield tag="215" ind1=" " ind2=" ">
    <subfield code="a">225 с.</subfield>
    <subfield code="c">ил.</subfield>
  </datafield>
  <datafield tag="320" ind1=" " ind2=" ">
    <subfield code="a">Библиогр. в конце статей.</subfield>
  </datafield>
  <datafield tag="461" ind1=" " ind2="1">
    <subfield code="1">001RU\TPU\book\176237</subfield>
    <subfield code="1">2001 </subfield>
    <subfield code="a">Известия Томского политехнического университета [Известия ТПУ]</subfield>
    <subfield code="f">Томский политехнический университет (ТПУ)</subfield>
    <subfield code="v">Т. 320, № 1 : Науки о Земле</subfield>
    <subfield code="1">210  </subfield>
    <subfield code="a">Томск</subfield>
    <subfield code="c">Изд-во ТПУ</subfield>
    <subfield code="d">2000-    </subfield>
    <subfield code="1">71202</subfield>
    <subfield code="a">Томский политехнический университет (ТПУ)</subfield>
    <subfield code="c">(1991-    )</subfield>
    <subfield code="2">stltpush</subfield>
    <subfield code="3">RU\TPU\col\376</subfield>
  </datafield>
  <datafield tag="600" ind1=" " ind2="1">
    <subfield code="a">Янишевский</subfield>
    <subfield code="b">М. Э.</subfield>
    <subfield code="c">российский палеонтолог</subfield>
    <subfield code="c">профессор Томского технологического института</subfield>
    <subfield code="f">1871-1949</subfield>
    <subfield code="g">Михаил Эрастович</subfield>
    <subfield code="y">Томск</subfield>
    <subfield code="x">TPU</subfield>
    <subfield code="2">stltpush</subfield>
    <subfield code="3">RU\TPU\pers\13868</subfield>
  </datafield>
  <datafield tag="600" ind1=" " ind2="1">
    <subfield code="a">Шварцев</subfield>
    <subfield code="b">С. Л.</subfield>
    <subfield code="c">российский гидрогеолог, доктор геолого-минералогических наук</subfield>
    <subfield code="c">профессор Томского политехнического университета, академик РАЕН</subfield>
    <subfield code="f">1936-</subfield>
    <subfield code="g">Степан Львович</subfield>
    <subfield code="y">Томск</subfield>
    <subfield code="x">TPU</subfield>
    <subfield code="2">stltpush</subfield>
    <subfield code="3">RU\TPU\pers\25914</subfield>
  </datafield>
  <datafield tag="600" ind1=" " ind2="1">
    <subfield code="a">Гончаров</subfield>
    <subfield code="b">И. В.</subfield>
    <subfield code="c">российский геолог</subfield>
    <subfield code="c">профессор Томского политехнического университета</subfield>
    <subfield code="f">1947-</subfield>
    <subfield code="g">Иван Васильевич</subfield>
    <subfield code="c">зам. директора ТомскНИПИнефть, ВНК</subfield>
    <subfield code="2">stltpush</subfield>
    <subfield code="3">RU\TPU\pers\21956</subfield>
  </datafield>
  <datafield tag="600" ind1=" " ind2="1">
    <subfield code="a">Сулакшин</subfield>
    <subfield code="b">С. С.</subfield>
    <subfield code="c">российский геолог</subfield>
    <subfield code="f">1919-2011</subfield>
    <subfield code="g">Степан Степанович</subfield>
    <subfield code="c">Заслуженный профессор Томского политехнического университета</subfield>
    <subfield code="y">Томск</subfield>
    <subfield code="2">stltpush</subfield>
    <subfield code="3">RU\TPU\pers\13908</subfield>
  </datafield>
  <datafield tag="606" ind1="1" ind2=" ">
    <subfield code="a">Научно-технический потенциал</subfield>
    <subfield code="2">stltpush</subfield>
    <subfield code="3">RU\TPU\subj\45166</subfield>
  </datafield>
  <datafield tag="606" ind1="1" ind2=" ">
    <subfield code="a">Науки о Земле</subfield>
    <subfield code="2">stltpush</subfield>
    <subfield code="3">RU\TPU\subj\45098</subfield>
  </datafield>
  <datafield tag="610" ind1="1" ind2=" ">
    <subfield code="a">научные исследования</subfield>
  </datafield>
  <datafield tag="610" ind1="1" ind2=" ">
    <subfield code="a">геология</subfield>
  </datafield>
  <datafield tag="610" ind1="1" ind2=" ">
    <subfield code="a">полезные ископаемые</subfield>
  </datafield>
  <datafield tag="610" ind1="1" ind2=" ">
    <subfield code="a">минералогия</subfield>
  </datafield>
  <datafield tag="610" ind1="1" ind2=" ">
    <subfield code="a">геохимия</subfield>
  </datafield>
  <datafield tag="610" ind1="1" ind2=" ">
    <subfield code="a">нефть</subfield>
  </datafield>
  <datafield tag="610" ind1="1" ind2=" ">
    <subfield code="a">газ</subfield>
  </datafield>
  <datafield tag="610" ind1="1" ind2=" ">
    <subfield code="a">гидрогеология</subfield>
  </datafield>
  <datafield tag="610" ind1="1" ind2=" ">
    <subfield code="a">геологоразведочные работы</subfield>
  </datafield>
  <datafield tag="610" ind1="1" ind2=" ">
    <subfield code="a">техника</subfield>
  </datafield>
  <datafield tag="610" ind1="1" ind2=" ">
    <subfield code="a">минеральное сырье</subfield>
  </datafield>
  <datafield tag="610" ind1="1" ind2=" ">
    <subfield code="a">геоэкология</subfield>
  </datafield>
  <datafield tag="610" ind1="1" ind2=" ">
    <subfield code="a">минералогия</subfield>
  </datafield>
  <datafield tag="610" ind1="1" ind2=" ">
    <subfield code="a">труды учёных ТПУ</subfield>
  </datafield>
  <datafield tag="675" ind1=" " ind2=" ">
    <subfield code="a">62</subfield>
    <subfield code="v">3</subfield>
  </datafield>
  <datafield tag="675" ind1=" " ind2=" ">
    <subfield code="a">551.1</subfield>
    <subfield code="v">3</subfield>
  </datafield>
  <datafield tag="801" ind1=" " ind2="1">
    <subfield code="a">RU</subfield>
    <subfield code="b">63413507</subfield>
    <subfield code="c">20110406</subfield>
  </datafield>
  <datafield tag="801" ind1=" " ind2="2">
    <subfield code="a">RU</subfield>
    <subfield code="b">63413507</subfield>
    <subfield code="c">20121207</subfield>
    <subfield code="g">RCR</subfield>
  </datafield>
  <datafield tag="998" ind1=" " ind2=" ">
    <subfield code="a">Т.32№11200000000</subfield>
  </datafield>
  <datafield tag="999" ind1=" " ind2=" ">
    <subfield code="a">НТБ_ТПУ</subfield>
    <subfield code="b">ЧЗПИ</subfield>
    <subfield code="e">-1/20120110</subfield>
    <subfield code="p">П-825</subfield>
    <subfield code="u">0</subfield>
    <subfield code="v">1</subfield>
  </datafield>
  <datafield tag="999" ind1=" " ind2=" ">
    <subfield code="a">НТБ_ТПУ</subfield>
    <subfield code="b">РФ</subfield>
    <subfield code="e">30/20120312</subfield>
    <subfield code="p">12-761</subfield>
    <subfield code="u">130,00</subfield>
    <subfield code="v">1</subfield>
    <subfield code="y">13821000613062</subfield>
  </datafield>
</record>