
<record>
  <leader>03638nla2a2200433 i 450 </leader>
  <controlfield tag="001">RU\TPU\book\230939</controlfield>
  <controlfield tag="005">20190516152859.0</controlfield>
  <datafield tag="035" ind1=" " ind2=" ">
    <subfield code="a">RU\TPU\book\230938</subfield>
  </datafield>
  <datafield tag="100" ind1=" " ind2=" ">
    <subfield code="a">20120313d2012    k  y0rusy01020304ca</subfield>
  </datafield>
  <datafield tag="101" ind1="0" ind2=" ">
    <subfield code="a">rus</subfield>
  </datafield>
  <datafield tag="102" ind1=" " ind2=" ">
    <subfield code="a">RU</subfield>
  </datafield>
  <datafield tag="135" ind1=" " ind2=" ">
    <subfield code="a">drnn ---uucaa</subfield>
  </datafield>
  <datafield tag="200" ind1="1" ind2=" ">
    <subfield code="a">Геохимическая зональность золоторудного месторождения Кварцевая Гора (Енисейский кряж)</subfield>
    <subfield code="b">Электронный ресурс</subfield>
    <subfield code="f">С. С. Ильин, В. А. Макаров</subfield>
  </datafield>
  <datafield tag="225" ind1="1" ind2=" ">
    <subfield code="a">Геология и полезные ископаемые</subfield>
  </datafield>
  <datafield tag="230" ind1=" " ind2=" ">
    <subfield code="a">Электронные текстовые данные (1 файл : 2.7 Мб)</subfield>
  </datafield>
  <datafield tag="300" ind1=" " ind2=" ">
    <subfield code="a">Заглавие с титульного листа.</subfield>
  </datafield>
  <datafield tag="300" ind1=" " ind2=" ">
    <subfield code="a">Электронная версия печатной публикации</subfield>
  </datafield>
  <datafield tag="320" ind1=" " ind2=" ">
    <subfield code="a">[Библиогр.: с. 54 (5 назв.)]</subfield>
  </datafield>
  <datafield tag="330" ind1=" " ind2=" ">
    <subfield code="a">Рассмотрена зональность первичных геохимических ореолов месторождения Кварцевая Гора (Енисейский кряж). На основе данных спектрального анализа керновых проб изучено объемное распределение элементов-спутников золотого оруденения, охарактеризованы вертикальная и поперечная зональности рудно-минерализованной зоны. Охарактеризована изменчивость корреляционных отношений микроэлементов по вертикали в пределах зоны минерализации. Выделены и описаны геохимические ассоциации, в том числе две золотоносных; обоснована связь крупного высокопробного гравитационного золота с наложенной полиметаллической ассоциацией. Сделан вывод о средне-нижнерудном эрозионном срезе объекта.</subfield>
  </datafield>
  <datafield tag="333" ind1=" " ind2=" ">
    <subfield code="a">Свободный доступ из сети Интернет</subfield>
  </datafield>
  <datafield tag="337" ind1=" " ind2=" ">
    <subfield code="a">Adobe Reader</subfield>
  </datafield>
  <datafield tag="461" ind1=" " ind2="1">
    <subfield code="1">001RU\TPU\book\176237</subfield>
    <subfield code="1">2001 </subfield>
    <subfield code="a">Известия Томского политехнического университета [Известия ТПУ]</subfield>
    <subfield code="f">Томский политехнический университет (ТПУ)</subfield>
    <subfield code="1">210  </subfield>
    <subfield code="a">Томск</subfield>
    <subfield code="c">Изд-во ТПУ</subfield>
    <subfield code="d">2000-</subfield>
    <subfield code="1">71202</subfield>
    <subfield code="a">Томский политехнический университет (ТПУ)</subfield>
    <subfield code="c">(1991-    )</subfield>
    <subfield code="2">stltpush</subfield>
    <subfield code="3">RU\TPU\col\376</subfield>
  </datafield>
  <datafield tag="463" ind1=" " ind2="1">
    <subfield code="1">001RU\TPU\book\230759</subfield>
    <subfield code="1">011  </subfield>
    <subfield code="a">1684-8519</subfield>
    <subfield code="1">2001 </subfield>
    <subfield code="a">Т. 320, № 1 : Науки о Земле</subfield>
    <subfield code="v">[С. 48-54]</subfield>
    <subfield code="1">210  </subfield>
    <subfield code="d">2012</subfield>
    <subfield code="1">215  </subfield>
    <subfield code="a">225 с.</subfield>
    <subfield code="c">ил.</subfield>
    <subfield code="1">675  </subfield>
    <subfield code="a">62</subfield>
    <subfield code="v">3</subfield>
    <subfield code="1">675  </subfield>
    <subfield code="a">551.1</subfield>
    <subfield code="v">3</subfield>
  </datafield>
  <datafield tag="610" ind1="1" ind2=" ">
    <subfield code="a">золото</subfield>
  </datafield>
  <datafield tag="610" ind1="1" ind2=" ">
    <subfield code="a">Енисейский кряж</subfield>
  </datafield>
  <datafield tag="610" ind1="1" ind2=" ">
    <subfield code="a">месторождения</subfield>
  </datafield>
  <datafield tag="610" ind1="1" ind2=" ">
    <subfield code="a">геохимическая зональность</subfield>
  </datafield>
  <datafield tag="610" ind1="1" ind2=" ">
    <subfield code="a">модели</subfield>
  </datafield>
  <datafield tag="610" ind1="1" ind2=" ">
    <subfield code="a">первичные ореолы</subfield>
  </datafield>
  <datafield tag="610" ind1="1" ind2=" ">
    <subfield code="a">эрозионные срезы</subfield>
  </datafield>
  <datafield tag="610" ind1="1" ind2=" ">
    <subfield code="a">геохимические ассоциации</subfield>
  </datafield>
  <datafield tag="610" ind1="1" ind2=" ">
    <subfield code="a">электронный ресурс</subfield>
  </datafield>
  <datafield tag="675" ind1=" " ind2=" ">
    <subfield code="a">550.84:553.411.071</subfield>
    <subfield code="v">3</subfield>
  </datafield>
  <datafield tag="700" ind1=" " ind2="1">
    <subfield code="a">Ильин</subfield>
    <subfield code="b">С. С.</subfield>
  </datafield>
  <datafield tag="701" ind1=" " ind2="1">
    <subfield code="a">Макаров</subfield>
    <subfield code="b">В. А.</subfield>
  </datafield>
  <datafield tag="801" ind1=" " ind2="1">
    <subfield code="a">RU</subfield>
    <subfield code="b">63413507</subfield>
    <subfield code="c">20090623</subfield>
    <subfield code="g">PSBO</subfield>
  </datafield>
  <datafield tag="801" ind1=" " ind2="2">
    <subfield code="a">RU</subfield>
    <subfield code="b">63413507</subfield>
    <subfield code="c">20190516</subfield>
    <subfield code="g">PSBO</subfield>
  </datafield>
  <datafield tag="856" ind1="4" ind2=" ">
    <subfield code="u">http://earchive.tpu.ru/bitstream/11683/4073/1/bulletin_tpu-2012-320-1-07.pdf</subfield>
  </datafield>
  <datafield tag="998" ind1=" " ind2=" ">
    <subfield code="a">Гезозо000000Ильи</subfield>
  </datafield>
</record>