
<record>
  <leader>05533nla2a2200409 i 450 </leader>
  <controlfield tag="001">RU\TPU\book\231279</controlfield>
  <controlfield tag="005">20190516102151.0</controlfield>
  <datafield tag="035" ind1=" " ind2=" ">
    <subfield code="a">RU\TPU\book\231065</subfield>
  </datafield>
  <datafield tag="100" ind1=" " ind2=" ">
    <subfield code="a">20120318d2012    k  y0rusy01020304ca</subfield>
  </datafield>
  <datafield tag="101" ind1="0" ind2=" ">
    <subfield code="a">rus</subfield>
  </datafield>
  <datafield tag="102" ind1=" " ind2=" ">
    <subfield code="a">RU</subfield>
  </datafield>
  <datafield tag="135" ind1=" " ind2=" ">
    <subfield code="a">drnn ---uucaa</subfield>
  </datafield>
  <datafield tag="200" ind1="1" ind2=" ">
    <subfield code="a">Распределение рения в формационных типах ультрамафитов Сибири</subfield>
    <subfield code="b">Электронный ресурс</subfield>
    <subfield code="f">А. Ф. Коробейников, А. И. Чернышов</subfield>
  </datafield>
  <datafield tag="225" ind1="1" ind2=" ">
    <subfield code="a">Геохимия</subfield>
  </datafield>
  <datafield tag="230" ind1=" " ind2=" ">
    <subfield code="a">Электронные текстовые данные (1 файл : 180 Кб)</subfield>
  </datafield>
  <datafield tag="300" ind1=" " ind2=" ">
    <subfield code="a">Заглавие с титульного листа.</subfield>
  </datafield>
  <datafield tag="300" ind1=" " ind2=" ">
    <subfield code="a">Электронная версия печатной публикации</subfield>
  </datafield>
  <datafield tag="320" ind1=" " ind2=" ">
    <subfield code="a">[Библиогр.: с. 119-120 (16 назв.)]</subfield>
  </datafield>
  <datafield tag="330" ind1=" " ind2=" ">
    <subfield code="a">Ультрамафиты офиолитовых, щелочно-ультраосновных субвулканических комплексов складчатых систем Саян и Алданского щита несут от 0,2 до 569 мг/т Re. Высокими концентрациями элемента обладают дуниты и гарцбургиты Калнинского и Кызыр-Бурлюкского массивов Куртушибинского (Западно-Саянского) офиолитового пояса, а также Оспинского массива Восточно-Саянского пояса с содержаниями Re до 383 и до 167 мг/т, соответственно. Обсуждаются особенности распределения Re в различных структурно-деформационных типах ультрамафитов. Наименее деформированные протогранулярные дуниты Восточного Саяна имеют повышенные содержания Re 56...90 мг/т. В пластически деформированных разностях пород с наиболее упорядоченной мезогранулярной структурой содержится всего 1...15 мг/т Re. В синтектонически рекристаллизованных дунитах и гарцбургитах с порфирокластовой, порфиролейстовой и мозаичнолейстовой структурами содержания рения варьируют от 2 до 167 мг/т. Хромитовые руды офиолитовых комплексов содержат от 23 до 383 мг/т Re. Серпентиниты, как продукты низкотемпературного метасоматоза, характеризуются как низкими фоновыми, так и аномальными концентрациями рения до 547 мг/т. В дунитах щелочно-ультраосновного Инаглинского массива (Алданский щит) с разными деформационными микроструктурами и ассоциирующих с ними верлитах, клинопироксенитах, а также метасоматитах отмечаются обычно низкие содержания Re от 0,3 до 36,4 мг/т. Наиболее высокие концентрации рения до 6,8 г/т установлены в гранатовых перидотитовых включениях в кимберлитовых телах Сибирской платформы, что, вероятно, обусловлено процессами перераспределения вещества при внутримантийном высокотемпературном метасоматизме.</subfield>
  </datafield>
  <datafield tag="333" ind1=" " ind2=" ">
    <subfield code="a">Свободный доступ из сети Интернет</subfield>
  </datafield>
  <datafield tag="337" ind1=" " ind2=" ">
    <subfield code="a">Adobe Reader</subfield>
  </datafield>
  <datafield tag="461" ind1=" " ind2="1">
    <subfield code="1">001RU\TPU\book\176237</subfield>
    <subfield code="1">2001 </subfield>
    <subfield code="a">Известия Томского политехнического университета [Известия ТПУ]</subfield>
    <subfield code="f">Томский политехнический университет (ТПУ)</subfield>
    <subfield code="1">210  </subfield>
    <subfield code="a">Томск</subfield>
    <subfield code="c">Изд-во ТПУ</subfield>
    <subfield code="d">2000-</subfield>
    <subfield code="1">71202</subfield>
    <subfield code="a">Томский политехнический университет (ТПУ)</subfield>
    <subfield code="c">(1991-    )</subfield>
    <subfield code="2">stltpush</subfield>
    <subfield code="3">RU\TPU\col\376</subfield>
  </datafield>
  <datafield tag="463" ind1=" " ind2="1">
    <subfield code="1">001RU\TPU\book\230759</subfield>
    <subfield code="1">011  </subfield>
    <subfield code="a">1684-8519</subfield>
    <subfield code="1">2001 </subfield>
    <subfield code="a">Т. 320, № 1 : Науки о Земле</subfield>
    <subfield code="v">[С. 114-120]</subfield>
    <subfield code="1">210  </subfield>
    <subfield code="d">2012</subfield>
    <subfield code="1">215  </subfield>
    <subfield code="a">225 с.</subfield>
    <subfield code="c">ил.</subfield>
    <subfield code="1">675  </subfield>
    <subfield code="a">62</subfield>
    <subfield code="v">3</subfield>
    <subfield code="1">675  </subfield>
    <subfield code="a">551.1</subfield>
    <subfield code="v">3</subfield>
  </datafield>
  <datafield tag="610" ind1="1" ind2=" ">
    <subfield code="a">рений</subfield>
  </datafield>
  <datafield tag="610" ind1="1" ind2=" ">
    <subfield code="a">магматические комплексы</subfield>
  </datafield>
  <datafield tag="610" ind1="1" ind2=" ">
    <subfield code="a">ультрамафиты</subfield>
  </datafield>
  <datafield tag="610" ind1="1" ind2=" ">
    <subfield code="a">метаморфизм</subfield>
  </datafield>
  <datafield tag="610" ind1="1" ind2=" ">
    <subfield code="a">метасоматоз</subfield>
  </datafield>
  <datafield tag="610" ind1="1" ind2=" ">
    <subfield code="a">труды учёных ТПУ</subfield>
  </datafield>
  <datafield tag="610" ind1="1" ind2=" ">
    <subfield code="a">электронный ресурс</subfield>
  </datafield>
  <datafield tag="675" ind1=" " ind2=" ">
    <subfield code="a">552.31:546.71</subfield>
    <subfield code="v">3</subfield>
  </datafield>
  <datafield tag="700" ind1=" " ind2="1">
    <subfield code="a">Коробейников</subfield>
    <subfield code="b">А. Ф.</subfield>
    <subfield code="c">российский геолог, доктор геолого-минералогических наук</subfield>
    <subfield code="c">профессор Томского политехнического университета</subfield>
    <subfield code="f">1934-</subfield>
    <subfield code="g">Александр Феопенович</subfield>
    <subfield code="y">Томск</subfield>
    <subfield code="x">TPU</subfield>
    <subfield code="2">stltpush</subfield>
    <subfield code="3">RU\TPU\pers\12688</subfield>
  </datafield>
  <datafield tag="701" ind1=" " ind2="1">
    <subfield code="a">Чернышов</subfield>
    <subfield code="b">А. И.</subfield>
  </datafield>
  <datafield tag="801" ind1=" " ind2="1">
    <subfield code="a">RU</subfield>
    <subfield code="b">63413507</subfield>
    <subfield code="c">20090623</subfield>
    <subfield code="g">PSBO</subfield>
  </datafield>
  <datafield tag="801" ind1=" " ind2="2">
    <subfield code="a">RU</subfield>
    <subfield code="b">63413507</subfield>
    <subfield code="c">20190516</subfield>
    <subfield code="g">PSBO</subfield>
  </datafield>
  <datafield tag="856" ind1="4" ind2=" ">
    <subfield code="u">http://earchive.tpu.ru/bitstream/11683/4085/1/bulletin_tpu-2012-320-1-18.pdf</subfield>
  </datafield>
  <datafield tag="998" ind1=" " ind2=" ">
    <subfield code="a">Раревф000000Коро</subfield>
  </datafield>
</record>