
<record>
  <leader>03738nla2a2200469 i 450 </leader>
  <controlfield tag="001">RU\TPU\book\231286</controlfield>
  <controlfield tag="005">20190516110057.0</controlfield>
  <datafield tag="035" ind1=" " ind2=" ">
    <subfield code="a">RU\TPU\book\231285</subfield>
  </datafield>
  <datafield tag="100" ind1=" " ind2=" ">
    <subfield code="a">20120318d2012    k  y0rusy01020304ca</subfield>
  </datafield>
  <datafield tag="101" ind1="0" ind2=" ">
    <subfield code="a">rus</subfield>
  </datafield>
  <datafield tag="102" ind1=" " ind2=" ">
    <subfield code="a">RU</subfield>
  </datafield>
  <datafield tag="135" ind1=" " ind2=" ">
    <subfield code="a">drnn ---uucaa</subfield>
  </datafield>
  <datafield tag="200" ind1="1" ind2=" ">
    <subfield code="a">Расчёт заторных уровней речных вод на юге Западной Сибири</subfield>
    <subfield code="b">Электронный ресурс</subfield>
    <subfield code="f">О. Г. Савичев</subfield>
  </datafield>
  <datafield tag="225" ind1="1" ind2=" ">
    <subfield code="a">Гидрогеология</subfield>
  </datafield>
  <datafield tag="230" ind1=" " ind2=" ">
    <subfield code="a">Электронные текстовые данные (1 файл : 565 Кб)</subfield>
  </datafield>
  <datafield tag="300" ind1=" " ind2=" ">
    <subfield code="a">Заглавие с титульного листа.</subfield>
  </datafield>
  <datafield tag="300" ind1=" " ind2=" ">
    <subfield code="a">Электронная версия печатной публикации</subfield>
  </datafield>
  <datafield tag="320" ind1=" " ind2=" ">
    <subfield code="a">[Библиогр.: с. 155 (10 назв.)]</subfield>
  </datafield>
  <datafield tag="330" ind1=" " ind2=" ">
    <subfield code="a">Предложен метод расчёта подпора воды при ледовых заторах как функции расхода воды и толщины льда. Проведена его апробация на примере рек южной части Западной Сибири (Томь, Чулым, Кия, Уса, Мрас-Су, Кондома). Показано, что условиями возникновения на изученных реках ледового затора с подпором воды более 1,5 м являются: а) относительно резкое повышение водного стока; б) превышение срочного расхода воды над нормой стока примерно в 3,5 раза и более; в) наличие ледяного покрова с толщиной льда 0,3 м и более на значительной части реки. По результатам моделирования подпорных явлений даны рекомендации по снижению опасности наводнений на р. Томь.</subfield>
  </datafield>
  <datafield tag="333" ind1=" " ind2=" ">
    <subfield code="a">Свободный доступ из сети Интернет</subfield>
  </datafield>
  <datafield tag="337" ind1=" " ind2=" ">
    <subfield code="a">Adobe Reader</subfield>
  </datafield>
  <datafield tag="461" ind1=" " ind2="1">
    <subfield code="1">001RU\TPU\book\176237</subfield>
    <subfield code="1">2001 </subfield>
    <subfield code="a">Известия Томского политехнического университета [Известия ТПУ]</subfield>
    <subfield code="f">Томский политехнический университет (ТПУ)</subfield>
    <subfield code="1">210  </subfield>
    <subfield code="a">Томск</subfield>
    <subfield code="c">Изд-во ТПУ</subfield>
    <subfield code="d">2000-</subfield>
    <subfield code="1">71202</subfield>
    <subfield code="a">Томский политехнический университет (ТПУ)</subfield>
    <subfield code="c">(1991-    )</subfield>
    <subfield code="2">stltpush</subfield>
    <subfield code="3">RU\TPU\col\376</subfield>
  </datafield>
  <datafield tag="463" ind1=" " ind2="1">
    <subfield code="1">001RU\TPU\book\230759</subfield>
    <subfield code="1">011  </subfield>
    <subfield code="a">1684-8519</subfield>
    <subfield code="1">2001 </subfield>
    <subfield code="a">Т. 320, № 1 : Науки о Земле</subfield>
    <subfield code="v">[С. 152-155]</subfield>
    <subfield code="1">210  </subfield>
    <subfield code="d">2012</subfield>
    <subfield code="1">215  </subfield>
    <subfield code="a">225 с.</subfield>
    <subfield code="c">ил.</subfield>
    <subfield code="1">675  </subfield>
    <subfield code="a">62</subfield>
    <subfield code="v">3</subfield>
    <subfield code="1">675  </subfield>
    <subfield code="a">551.1</subfield>
    <subfield code="v">3</subfield>
  </datafield>
  <datafield tag="610" ind1="1" ind2=" ">
    <subfield code="a">ледовые заторы</subfield>
  </datafield>
  <datafield tag="610" ind1="1" ind2=" ">
    <subfield code="a">уровни воды</subfield>
  </datafield>
  <datafield tag="610" ind1="1" ind2=" ">
    <subfield code="a">наводнения</subfield>
  </datafield>
  <datafield tag="610" ind1="1" ind2=" ">
    <subfield code="a">юг Западной Сибири</subfield>
  </datafield>
  <datafield tag="610" ind1="1" ind2=" ">
    <subfield code="a">метод расчета</subfield>
  </datafield>
  <datafield tag="610" ind1="1" ind2=" ">
    <subfield code="a">вода</subfield>
  </datafield>
  <datafield tag="610" ind1="1" ind2=" ">
    <subfield code="a">расход</subfield>
  </datafield>
  <datafield tag="610" ind1="1" ind2=" ">
    <subfield code="a">лед</subfield>
  </datafield>
  <datafield tag="610" ind1="1" ind2=" ">
    <subfield code="a">толщина</subfield>
  </datafield>
  <datafield tag="610" ind1="1" ind2=" ">
    <subfield code="a">апробация</subfield>
  </datafield>
  <datafield tag="610" ind1="1" ind2=" ">
    <subfield code="a">рекомендации</subfield>
  </datafield>
  <datafield tag="610" ind1="1" ind2=" ">
    <subfield code="a">труды учёных ТПУ</subfield>
  </datafield>
  <datafield tag="610" ind1="1" ind2=" ">
    <subfield code="a">электронный ресурс</subfield>
  </datafield>
  <datafield tag="675" ind1=" " ind2=" ">
    <subfield code="a">550.42:57.4 (571.1)</subfield>
    <subfield code="v">3</subfield>
  </datafield>
  <datafield tag="700" ind1=" " ind2="1">
    <subfield code="a">Савичев</subfield>
    <subfield code="b">О. Г.</subfield>
    <subfield code="c">российский геолог</subfield>
    <subfield code="c">профессор Томского политехнического университета, доктор географических наук</subfield>
    <subfield code="f">1967-</subfield>
    <subfield code="g">Олег Геннадьевич</subfield>
    <subfield code="y">Томск</subfield>
    <subfield code="2">stltpush</subfield>
    <subfield code="3">RU\TPU\pers\25454</subfield>
  </datafield>
  <datafield tag="801" ind1=" " ind2="1">
    <subfield code="a">RU</subfield>
    <subfield code="b">63413507</subfield>
    <subfield code="c">20090623</subfield>
    <subfield code="g">PSBO</subfield>
  </datafield>
  <datafield tag="801" ind1=" " ind2="2">
    <subfield code="a">RU</subfield>
    <subfield code="b">63413507</subfield>
    <subfield code="c">20190516</subfield>
    <subfield code="g">PSBO</subfield>
  </datafield>
  <datafield tag="856" ind1="4" ind2=" ">
    <subfield code="u">http://earchive.tpu.ru/bitstream/11683/4092/1/bulletin_tpu-2012-320-1-25.pdf</subfield>
  </datafield>
  <datafield tag="998" ind1=" " ind2=" ">
    <subfield code="a">Разаур000000Сави</subfield>
  </datafield>
</record>