
<record>
  <leader>03117nla2a2200397 i 450 </leader>
  <controlfield tag="001">RU\TPU\book\231292</controlfield>
  <controlfield tag="005">20190516103910.0</controlfield>
  <datafield tag="035" ind1=" " ind2=" ">
    <subfield code="a">RU\TPU\book\231291</subfield>
  </datafield>
  <datafield tag="100" ind1=" " ind2=" ">
    <subfield code="a">20120318d2012    k  y0rusy01020304ca</subfield>
  </datafield>
  <datafield tag="101" ind1="0" ind2=" ">
    <subfield code="a">rus</subfield>
  </datafield>
  <datafield tag="102" ind1=" " ind2=" ">
    <subfield code="a">RU</subfield>
  </datafield>
  <datafield tag="135" ind1=" " ind2=" ">
    <subfield code="a">drnn ---uucaa</subfield>
  </datafield>
  <datafield tag="200" ind1="1" ind2=" ">
    <subfield code="a">Инженерно-экологические особенности вывода из эксплуатации промышленных уран-графитовых ядерных реакторов и исследовательских ядерных установок</subfield>
    <subfield code="b">Электронный ресурс</subfield>
    <subfield code="f">М. С. Хвостова</subfield>
  </datafield>
  <datafield tag="225" ind1="1" ind2=" ">
    <subfield code="a">Геоэкология</subfield>
  </datafield>
  <datafield tag="230" ind1=" " ind2=" ">
    <subfield code="a">Электронные текстовые данные (1 файл : 224 Кб)</subfield>
  </datafield>
  <datafield tag="300" ind1=" " ind2=" ">
    <subfield code="a">Заглавие с титульного листа.</subfield>
  </datafield>
  <datafield tag="300" ind1=" " ind2=" ">
    <subfield code="a">Электронная версия печатной публикации</subfield>
  </datafield>
  <datafield tag="320" ind1=" " ind2=" ">
    <subfield code="a">[Библиогр.: с. 188 (5 назв.)]</subfield>
  </datafield>
  <datafield tag="330" ind1=" " ind2=" ">
    <subfield code="a">Освещены вопросы предстоящего вывода из эксплуатации промышленных уран-графитовых ядерных реакторов и исследовательских ядерных установок. Показано, что основные вопросы обеспечения радиационной безопасности связаны с обращением с облученными графитовыми кладками, активированными металлоконструкциями, радиоактивными отходами и отработавшим ядерным топливом.</subfield>
  </datafield>
  <datafield tag="333" ind1=" " ind2=" ">
    <subfield code="a">Свободный доступ из сети Интернет</subfield>
  </datafield>
  <datafield tag="337" ind1=" " ind2=" ">
    <subfield code="a">Adobe Reader</subfield>
  </datafield>
  <datafield tag="461" ind1=" " ind2="1">
    <subfield code="1">001RU\TPU\book\176237</subfield>
    <subfield code="1">2001 </subfield>
    <subfield code="a">Известия Томского политехнического университета [Известия ТПУ]</subfield>
    <subfield code="f">Томский политехнический университет (ТПУ)</subfield>
    <subfield code="1">210  </subfield>
    <subfield code="a">Томск</subfield>
    <subfield code="c">Изд-во ТПУ</subfield>
    <subfield code="d">2000-</subfield>
    <subfield code="1">71202</subfield>
    <subfield code="a">Томский политехнический университет (ТПУ)</subfield>
    <subfield code="c">(1991-    )</subfield>
    <subfield code="2">stltpush</subfield>
    <subfield code="3">RU\TPU\col\376</subfield>
  </datafield>
  <datafield tag="463" ind1=" " ind2="1">
    <subfield code="1">001RU\TPU\book\230759</subfield>
    <subfield code="1">011  </subfield>
    <subfield code="a">1684-8519</subfield>
    <subfield code="1">2001 </subfield>
    <subfield code="a">Т. 320, № 1 : Науки о Земле</subfield>
    <subfield code="v">[С. 184-188]</subfield>
    <subfield code="1">210  </subfield>
    <subfield code="d">2012</subfield>
    <subfield code="1">215  </subfield>
    <subfield code="a">225 с.</subfield>
    <subfield code="c">ил.</subfield>
    <subfield code="1">675  </subfield>
    <subfield code="a">62</subfield>
    <subfield code="v">3</subfield>
    <subfield code="1">675  </subfield>
    <subfield code="a">551.1</subfield>
    <subfield code="v">3</subfield>
  </datafield>
  <datafield tag="610" ind1="1" ind2=" ">
    <subfield code="a">уран-графитовые ядерные реакторы</subfield>
  </datafield>
  <datafield tag="610" ind1="1" ind2=" ">
    <subfield code="a">исследовательские ядерные установки</subfield>
  </datafield>
  <datafield tag="610" ind1="1" ind2=" ">
    <subfield code="a">радиоактивные отходы</subfield>
  </datafield>
  <datafield tag="610" ind1="1" ind2=" ">
    <subfield code="a">отработанное ядерное топливо</subfield>
  </datafield>
  <datafield tag="610" ind1="1" ind2=" ">
    <subfield code="a">вывод из эксплуатации</subfield>
  </datafield>
  <datafield tag="610" ind1="1" ind2=" ">
    <subfield code="a">электронный ресурс</subfield>
  </datafield>
  <datafield tag="675" ind1=" " ind2=" ">
    <subfield code="a">621.039:614.876(470+571)</subfield>
    <subfield code="v">3</subfield>
  </datafield>
  <datafield tag="675" ind1=" " ind2=" ">
    <subfield code="a">621.311.24:621.039:614.876(470+571)</subfield>
    <subfield code="v">3</subfield>
  </datafield>
  <datafield tag="700" ind1=" " ind2="1">
    <subfield code="a">Хвостова</subfield>
    <subfield code="b">М. С.</subfield>
  </datafield>
  <datafield tag="801" ind1=" " ind2="1">
    <subfield code="a">RU</subfield>
    <subfield code="b">63413507</subfield>
    <subfield code="c">20090623</subfield>
    <subfield code="g">PSBO</subfield>
  </datafield>
  <datafield tag="801" ind1=" " ind2="2">
    <subfield code="a">RU</subfield>
    <subfield code="b">63413507</subfield>
    <subfield code="c">20190516</subfield>
    <subfield code="g">PSBO</subfield>
  </datafield>
  <datafield tag="856" ind1="4" ind2=" ">
    <subfield code="u">http://earchive.tpu.ru/bitstream/11683/4099/1/bulletin_tpu-2012-320-1-31.pdf</subfield>
  </datafield>
  <datafield tag="998" ind1=" " ind2=" ">
    <subfield code="a">Иносвы000000Хвос</subfield>
  </datafield>
</record>