
<record>
  <leader>03514nla2a2200409 i 450 </leader>
  <controlfield tag="001">RU\TPU\book\231295</controlfield>
  <controlfield tag="005">20190516104924.0</controlfield>
  <datafield tag="035" ind1=" " ind2=" ">
    <subfield code="a">RU\TPU\book\231291</subfield>
  </datafield>
  <datafield tag="100" ind1=" " ind2=" ">
    <subfield code="a">20120318d2012    k  y0rusy01020304ca</subfield>
  </datafield>
  <datafield tag="101" ind1="0" ind2=" ">
    <subfield code="a">rus</subfield>
  </datafield>
  <datafield tag="102" ind1=" " ind2=" ">
    <subfield code="a">RU</subfield>
  </datafield>
  <datafield tag="135" ind1=" " ind2=" ">
    <subfield code="a">drnn ---uucaa</subfield>
  </datafield>
  <datafield tag="200" ind1="1" ind2=" ">
    <subfield code="a">Михаил Эрастович Янишевский - основатель кафедры палеонтологии в Томском технологическом институте</subfield>
    <subfield code="b">Электронный ресурс</subfield>
    <subfield code="f">И. В. Рычкова, Э. Д. Рябчикова</subfield>
  </datafield>
  <datafield tag="225" ind1="1" ind2=" ">
    <subfield code="a">Страницы истории ТПУ</subfield>
  </datafield>
  <datafield tag="230" ind1=" " ind2=" ">
    <subfield code="a">Электронные текстовые данные (1 файл : 6.6 Мб)</subfield>
  </datafield>
  <datafield tag="300" ind1=" " ind2=" ">
    <subfield code="a">Заглавие с титульного листа.</subfield>
  </datafield>
  <datafield tag="300" ind1=" " ind2=" ">
    <subfield code="a">Электронная версия печатной публикации</subfield>
  </datafield>
  <datafield tag="320" ind1=" " ind2=" ">
    <subfield code="a">[Библиогр.: с. 205 (10 назв.)]</subfield>
  </datafield>
  <datafield tag="330" ind1=" " ind2=" ">
    <subfield code="a">В 2011 г. исполнилось 140 лет со дня рождения основателя кафедры палеонтологии в Томском технологическом институте (Томском политехническом университете) выдающегося палеонтолога Михаила Эрастовича Янишевского, а в 2012 г. - 110 лет со дня основания этой кафедры.</subfield>
  </datafield>
  <datafield tag="333" ind1=" " ind2=" ">
    <subfield code="a">Свободный доступ из сети Интернет</subfield>
  </datafield>
  <datafield tag="337" ind1=" " ind2=" ">
    <subfield code="a">Adobe Reader</subfield>
  </datafield>
  <datafield tag="461" ind1=" " ind2="1">
    <subfield code="1">001RU\TPU\book\176237</subfield>
    <subfield code="1">2001 </subfield>
    <subfield code="a">Известия Томского политехнического университета [Известия ТПУ]</subfield>
    <subfield code="f">Томский политехнический университет (ТПУ)</subfield>
    <subfield code="1">210  </subfield>
    <subfield code="a">Томск</subfield>
    <subfield code="c">Изд-во ТПУ</subfield>
    <subfield code="d">2000-</subfield>
    <subfield code="1">71202</subfield>
    <subfield code="a">Томский политехнический университет (ТПУ)</subfield>
    <subfield code="c">(1991-    )</subfield>
    <subfield code="2">stltpush</subfield>
    <subfield code="3">RU\TPU\col\376</subfield>
  </datafield>
  <datafield tag="463" ind1=" " ind2="1">
    <subfield code="1">001RU\TPU\book\230759</subfield>
    <subfield code="1">011  </subfield>
    <subfield code="a">1684-8519</subfield>
    <subfield code="1">2001 </subfield>
    <subfield code="a">Т. 320, № 1 : Науки о Земле</subfield>
    <subfield code="v">[С. 200-205]</subfield>
    <subfield code="1">210  </subfield>
    <subfield code="d">2012</subfield>
    <subfield code="1">215  </subfield>
    <subfield code="a">225 с.</subfield>
    <subfield code="c">ил.</subfield>
    <subfield code="1">675  </subfield>
    <subfield code="a">62</subfield>
    <subfield code="v">3</subfield>
    <subfield code="1">675  </subfield>
    <subfield code="a">551.1</subfield>
    <subfield code="v">3</subfield>
  </datafield>
  <datafield tag="600" ind1=" " ind2="1">
    <subfield code="a">Янишевский</subfield>
    <subfield code="b">М. Э.</subfield>
    <subfield code="c">российский палеонтолог</subfield>
    <subfield code="c">профессор Томского технологического института</subfield>
    <subfield code="f">1871-1949</subfield>
    <subfield code="g">Михаил Эрастович</subfield>
    <subfield code="y">Томск</subfield>
    <subfield code="x">TPU</subfield>
    <subfield code="2">stltpush</subfield>
    <subfield code="3">RU\TPU\pers\13868</subfield>
  </datafield>
  <datafield tag="610" ind1="1" ind2=" ">
    <subfield code="a">палеонтология</subfield>
  </datafield>
  <datafield tag="610" ind1="1" ind2=" ">
    <subfield code="a">фауна</subfield>
  </datafield>
  <datafield tag="610" ind1="1" ind2=" ">
    <subfield code="a">брахиоподы</subfield>
  </datafield>
  <datafield tag="610" ind1="1" ind2=" ">
    <subfield code="a">мшанки</subfield>
  </datafield>
  <datafield tag="610" ind1="1" ind2=" ">
    <subfield code="a">труды учёных ТПУ</subfield>
  </datafield>
  <datafield tag="610" ind1="1" ind2=" ">
    <subfield code="a">электронный ресурс</subfield>
  </datafield>
  <datafield tag="675" ind1=" " ind2=" ">
    <subfield code="a">378:56(571.16)(092)</subfield>
    <subfield code="v">3</subfield>
  </datafield>
  <datafield tag="700" ind1=" " ind2="1">
    <subfield code="a">Рычкова</subfield>
    <subfield code="b">И. В.</subfield>
    <subfield code="c">российский геолог</subfield>
    <subfield code="c">доцент Томского политехнического университета, кандидат геолого-минералогических наук</subfield>
    <subfield code="g">Ирина Владимировна</subfield>
    <subfield code="f">1967-</subfield>
    <subfield code="y">Томск</subfield>
    <subfield code="2">stltpush</subfield>
    <subfield code="3">RU\TPU\pers\24801</subfield>
  </datafield>
  <datafield tag="701" ind1=" " ind2="1">
    <subfield code="a">Рябчикова</subfield>
    <subfield code="b">Э. Д.</subfield>
    <subfield code="c">российский геолог</subfield>
    <subfield code="c">доцент Томского политехнического университета, кандидат геолого-минералогических наук</subfield>
    <subfield code="g">Элла Давыдовна</subfield>
    <subfield code="y">Томск</subfield>
    <subfield code="f">1941-</subfield>
    <subfield code="2">stltpush</subfield>
    <subfield code="3">RU\TPU\pers\26291</subfield>
  </datafield>
  <datafield tag="801" ind1=" " ind2="1">
    <subfield code="a">RU</subfield>
    <subfield code="b">63413507</subfield>
    <subfield code="c">20090623</subfield>
    <subfield code="g">PSBO</subfield>
  </datafield>
  <datafield tag="801" ind1=" " ind2="2">
    <subfield code="a">RU</subfield>
    <subfield code="b">63413507</subfield>
    <subfield code="c">20190516</subfield>
    <subfield code="g">PSBO</subfield>
  </datafield>
  <datafield tag="856" ind1="4" ind2=" ">
    <subfield code="u">http://earchive.tpu.ru/bitstream/11683/4102/1/bulletin_tpu-2012-320-1-34.pdf</subfield>
  </datafield>
  <datafield tag="998" ind1=" " ind2=" ">
    <subfield code="a">МиЭрЯн000000Рычк</subfield>
  </datafield>
</record>